@online{awscloudfront,
	author = {Amazon Web Services},
	title = {Values that You Specify When You Create or Update a Web Distribution
		| Enable IPv6
		
	},
	date = {03/06/2017},
	url = {http://docs.aws.amazon.com/AmazonCloudFront/latest/DeveloperGuide/distribution-web-values-specify.html#DownloadDistValuesEnableIPv6},
}
